@article{Byrdetall1994,
  author  = {R.\H.\ Byrd and J.\ Nocedal and R.\B.\ Schnabel},
  journal = {Mathematical Programming},
  title   = {Representations of Quasi-Newton Matrices and their use in Limited Memory Methods},
  volume  = {63},
  number  = {4},
  year    = {1994},
  pages   = {129-156}
}
@article{decourt2006,
  author  = {Jean-Philippe Dr\'ecourt and Henrik Madsen and Dan Rosbjerg},
  journal = {Advances in Water Resources},
  title   = {Bias aware {K}alman filters: Comparison and improvements},
  volume  = {29},
  number  = {5},
  year    = {2006},
  pages   = {707-718}
}
@article{Evensen1994,
  author  = {G.\ Evensen},
  title   = {Sequential data assimilation with a nonlinear quasi-geostrophic model using {Monte Carlo} methods to forecast error statistics},
  journal = {Journal of Geophysical Research},
  year    = {1994},
  volume  = {99},
  pages   = {10,143--10,162},
  number  = {C5},
  localnumber = {copy available},
  mynote  = {The original paper for the Ensemble Kalman filter}
}
@article{Heemink2001,
  author  = {A.\W.\ Heemink and and M.\ Verlaan and A.\J.\ Segers},
  title   = {Variance Reduced Ensemble Kalman Filtering},
  journal = {Monthly Weather Review},
  year    = {2001},
  volume  = {129},
  pages   = {1718--1728}
}
@article{Lorenz1963,
  author  = {Edward Norton Lorenz},
  journal = {Journal of the Atmospheric Sciences},
  title   = {Deterministic nonperiodic flow},
  volume  = {20},
  number  = {2},
  year    = {1963},
  pages   = {130-141}
}
@article{LorenzEmanuel1998,
  author  = {Edward N.\ Lorenz and Kerry A.\ Emanuel},
  journal = {Journal of the Atmospheric Sciences},
  title   = {Optimal Sites for Supplementary Weather Observations: Simulation with a Small Model},
  volume  = {55},
  year    = {1998},
  pages   = {399-414}
}
@article{NelderMead1965,
  author  = {J.A.\ Nelder and R.\ Mead},
  journal = {The Computer Journal},
  title   = {A simplex method for function minimization},
  volume  = {7},
  number  = {4},
  year    = {1965},
  pages   = {308-313}
}
@article{Nocedal1980,
  author  = {J.\ Nocedal},
  journal = {Mathematics of Computation},
  title   = {Updating Quasi-Newton Matriced with Limited Storage},
  volume  = {35},
  number  = {151},
  year    = {1980},
  pages   = {773-782}
}
@article{Talagrand1997,
  author  = {O.\ Talagrand},
  journal = {Journal of the Meteorological Society of Japan},
  title   = {Assimilation of observations, an introdction},
  volume  = {75},
  year    = {1997},
  pages   = {191-209}
}
@article{Tippettetal2003,
  author  = {M.K.\ Tippett and J.L.\ Anderson and C.H.\ Bishop and T.M.\ Hamill and J.S.\ Whitaker},
  journal = {Monthly Weather Review},
  title   = {Ensemble square root filters},
  volume  = {131},
  year    = {2003},
  pages   = {1485-1490}
}
@article{VerlaanHeemink1997,
  author  = {M.\ Verlaan and A.W.\ Heemink},
  journal = {Stochastic Hydrology and Hydraulics},
  title   = {Tidal flow forecasting using reduced rank square root filters},
  volume  = {11},
  year    = {1997},
  pages   = {349-368}
}
@inproceedings{Roest2002,
   author    = {M.R.T. Roest and E.A.H. Vollebregt},
   title     = {Parallel {K}alman Filtering for a Shallow Water Flow Model},
   booktitle = {Parallel Computational Fluid Dynamics - Practice and Theory},
   editor    = {P. Wilders and A. Ecer and J. Periaux and N. Satofuka and
                P. Fox},
   year      = {2002},
   pages     = {301-308}
}
@book{Daley1991,
  title = {Atmospheric data analysis},
  publisher = {Cambridge University Press},
  year = {1991},
  author = {R. Daley},
  localnumber = {libr. KNMI}
}
