
@misc{CTA-Doxygen,
   author    = {Velzen, Nils van},
   title     = {{COSTA} Reference manual},
   howpublished = {{D}oxygen documentation, part of {COSTA} installation, 
                        see {\tt doc/index.html}},
   month     = {December},
   year      = {2008}
}

@misc{CTA-200801,
   author    = {Velzen, Nils van},
   title     = {Parallel computing in {COSTA}},
   howpublished = {COSTA memo 200801},
   month     = {January},
   year      = {2008}
}

@misc{CTA-200802,
   author    = {Julius Sumihar and Nils van Velzen},
   title     = {The {COSTA} Workbench},
   howpublished = {COSTA memo 200802},
   month     = {January},
   year      = {2008}
}

@misc{CTA-200803,
   author    = {Edwin Vollebregt},
   title     = {Getting Started with the {COSTA}-system},
   howpublished = {COSTA memo 200803},
   month     = {October},
   year      = {2008}
}

@misc{CTA-200804,
   author    = {Edwin Vollebregt},
   title     = {Developers Guide for the {COSTA}-system},
   howpublished = {COSTA memo 200804},
   month     = {October},
   year      = {2008}
}

@article{ akers97scinapse,
    author = "Robert L. Akers and Elaine Kant and Curtis J. Randall and Stanly Steinberg and Robert L. Young",
    title = "{SciNapse}: {A} Problem-Solving Environment for Partial Differential Equations",
    journal = "IEEE Computational Science \& Engineering",
    volume = "4",
    number = "3",
    month = "\slash",
    pages = "32--42",
    year = "1997",
    url = "citeseer.ist.psu.edu/akers97scinapse.html" }

@manual{ drecourt2001,
    author = "Drecourt J-Ph",
    organization = "DHI Water \& Environment",
    address = "Agern Alle 11, 2970 H{\o}rsholm, Denmark",
    title = "DAIHM Toolbox Version 1.02",
    year = "2001",
    url = "http://projects.dhi.dk/daihm/Files/daihm_manual.pdf" }

@article{ evensen2003,
    author = "Evensen G.",
    title = "The Ensemble Kalman Filter: theoretical formulation and practical
             implementation",
    journal = "Ocean Dynamics",
    volume = "53",
    pages = "343-367",
    year = "2003",
    url = "http://www.nersc.no/~geir/EnKF/Publications/eve03a.pdf" }

@techreport{ OGS03-022r3,
   author    = {S. Cox},
   title     = {Observations and Measurements},
   institution = {Open GIS Consortium Inc.},
   year      = {2003},
   month     = {Februari},
   number    = {OGC 03-022r3},
   type      = {OpenGIS Interoperability Program Report}
}

@techreport{ Boogaard2005,
   author    = {H.F.P. van den Boogaard, G.Y. El Serafy, A.H. Weerts and H. Gerritsen},
   title     = {Conversion of Deterministic Models into Stochastic Models},
   institution = {Delft hydraulics},
   year      = {2005},
   month     = {December},
   number    = {X0327},
}

@inproceedings{952729,
 author = {Paul van der Mark and Lex Wolters and Gerard Cats},
 title = {Automatic code generation for a convection scheme},
 booktitle = {SAC '03: Proceedings of the 2003 ACM symposium on Applied computing},
 year = {2003},
 isbn = {1-58113-624-2},
 pages = {1003--1008},
 location = {Melbourne, Florida},
 doi = {http://doi.acm.org/10.1145/952532.952729},
 publisher = {ACM Press},
 }

@article{ hanea2004,
    author = "R. G. Hanea and G. J. M. Velders and A. W. Heemink",
    title = "Data assimilation of ground level ozone in Europe with a Kalman
             filter and chemistry transport model.",
    journal = "J. Geophys. Res",
    volume = "109",
    year = "2004"}

@article{Vollebregt03a,
   author  = {E.A.H. Vollebregt and M.R.T. Roest and J.W.M. Lander},
   title   = {Large scale computing at {R}ijkswaterstaat},
   journal = {Parallel Computing},
   year    = {2003},
   volume  = {29},
   pages   = {1-20}
}

@Misc{mpi-forum-web-page,
   Title      = "{MPI}-forum web page",
   Note     = "http://mpi-forum.org"}

@Misc{petsc-web-page,
    Author = "Satish Balay and Kris Buschelman and William D. Gropp and Dinesh Kaushik and Matthew G. Knepley and Lois Curfman McInnes and Barry F. Smith and Hong Zhang",
   Title      = "{PETSc} {W}eb page",
   Note     = "http://www.mcs.anl.gov/petsc",
   Year     = "2001"}

@TechReport{petsc-user-ref,
    Author      = "Satish Balay and Kris Buschelman and Victor Eijkhout and William D. Gropp and Dinesh Kaushik and Matthew G. Knepley and Lois Curfman McInnes and Barry F. Smith and Hong Zhang",
   Title              = "{PETS}c Users Manual",
   Number      = "ANL-95/11 - Revision 2.1.5",
   Institution = "Argonne National Laboratory",
   Year              = "2004"}

@InProceedings{petsc-efficient,
    Author     = "Satish Balay and Victor Eijkhout and William D. Gropp and Lois Curfman McInnes and Barry F. Smith",
   Title          = "Efficient Management of Parallelism in Object Oriented Numerical Software Libraries",
    Booktitle  = "Modern Software Tools in Scientific Computing",
    Editor       = "E. Arge and A. M. Bruaset and H. P. Langtangen",
    Pages       = "163--202",
    Publisher = "Birkh{\"{a}}user Press",
    Year           = "1997"}

@article{lawson1979,
   author  = {C. L. Lawson, R. J. Hanson, D. Kincaid and F. T. Krogh},
   title   = {Basic Linear Algebra Subprograms for FORTRAN usage},
   journal = {ACM Trans. Math. Soft.},
   year    = {1979},
   volume  = {5},
   pages   = {308-323}
}

@Misc{BLAS-web-page,
   author  = {J. Dongarra et al},
   Title      = "{BLAS} web page",
   Note     = "http://www.netlib.org/blas",
}

@Misc{HarmonIT,
   Title      = "{OMS} web page",
   Note     = "http://www.dutch-oms.org"
}

@Misc{OMS,
   Title      = "{OMS} web page",
   Note     = "http://www.dutch-oms.org"
}

@techreport{OMS01a,
   author    = {OMS},
   title     = {Data Model for the Hydrodynamic {OMS} module},
   institution = {Rijkswaterstaat/RIKZ and WL$|$Delft Hydraulics},
   year      = {2001}
}
@phdthesis{verlaan98,
   author    = {M. Verlaan},
   title     = {Efficient Kalman Filtering Algorithms for Hydrodynamic Models},
   year      = {1998},
   month     = {April},
   school    = {Delft University of Technology}
}

@Misc{palm,
   Title      = "{PALM} web page",
   Note     = "http://www.cerfacs.fr/globc/PALM\_WEB/"
}

@Misc{esmf,
   Title      = "{ESMF} web page",
   Note     = "http://www.esmf.ucar.edu/"
}

@Misc{rebel,
   Title      = "{ReBEL} web page",
   Note     = "http://choosh.ece.ogi.edu/rebel"
}

%http://polaris.cs.uiuc.edu/publications/1448.pdf
